@article{totem-8tev-90m,
	author = "Antchev, G. and others",
	title = "{Evidence for non-exponential elastic protonâ€“proton differential cross-section at low $|t|$ and $\sqrt{s}$=~8~ TeV by TOTEM}",
	collaboration = "TOTEM Collaboration",
	journal = "Nucl. Phys.",
	volume = "B899",
	year = "2015",
	pages = "527-546",
	doi = "10.1016/j.nuclphysb.2015.08.010",
}


@article{totem-8tev-tot1,
	author = "Antchev, G. and others",
	title = {Luminosity-Independent Measurement of the Proton-Proton Total Cross Section at $\sqrt{s}=$~8~TeV},
	collaboration = {TOTEM Collaboration},
	journal = {Phys. Rev. Lett.},
	volume = {111},
	issue = {1},
	pages = {012001},
	numpages = {6},
	year = {2013},
	month = {Jul},
	doi = {10.1103/PhysRevLett.111.012001},
	url = {http://link.aps.org/doi/10.1103/PhysRevLett.111.012001},
	publisher = {American Physical Society}
}


@article{beam-mom-unc,
	author         = "Todesco, E. and Wenninger, J.",
	title          = "{Large Hadron Collider momentum calibration and accuracy}",
	journal        = "Phys. Rev. Accel. Beams",
	volume         = "20",
	year           = "2017",
	number         = "8",
	pages          = "081003",
	doi            = "10.1103/PhysRevAccelBeams.20.081003",
}


@article{lafferty94,
	author = "Lafferty, G. D. and Wyatt, T. R.",
	title = "{Where to stick your data points: The treatment of measurements within wide bins}",
	journal = "Nucl. Instrum. Meth.",
	volume = "A355",
	year = "1995",
	pages = "541-547",
	doi = "10.1016/0168-9002(94)01112-5",
	reportNumber = "MAN-HEP-94-3, CERN-PPE-94-72, CERN-PPE-94-072",
}

@book{Cowan2002, 
	author = "G. Cowan",
	title = "Statistical data analysis",
	publisher = "Oxford University Press",
	year = "2002",
	ISBN = "0-19-850155-2",
	note = "ISBN 0-19-850155-2",
}
